This file was created with JabRef 2.2.
Encoding: MacRoman

@article{denning,
  issn      = {00030996},
  url       = {http://www.jstor.org/stable/29774812},
  author    = {Peter J. Denning},
  journal   = {American Scientist},
  number    = {1},
  pages     = {7--10},
  publisher = {Sigma Xi, The Scientific Research Society},
  title     = {The Science of Computing: RISC Architecture},
  urldate   = {2024-03-03},
  volume    = {81},
  year      = {1993}
}

@misc{price,
  title  = {MIPS IV Instruction Set Revision 3.2},
  url    = {https://www.cs.cmu.edu/afs/cs/academic/class/15740-f97/public/doc/mips-isa.pdf},
  author = {Charles Price},
  pages  = {A19},
  year   = {1995}
}

@misc{waterman,
  title  = {The RISC-V Instruction Set Manual Volume 1: User-Level ISA},
  url    = {https://riscv.org/wp-content/uploads/2017/05/riscv-spec-v2.2.pdf},
  author = {Andrew Waterman and Krse Asanovic and SiFive Inc.},
  year   = {2017}
}

@misc{msyksphinz,
  title  = {riscv-isa-pages},
  url    = {https://msyksphinz-self.github.io/riscv-isadoc/html/rvi.html},
  author = {msykpshinz},
  year   = {2019}
}

@misc{kanter1,
  title  = {AMD's Jaguar Microarchitecture},
  url    = {https://www.realworldtech.com/jaguar/},
  author = {David Kanter},
  year   = {2014},
  editor = {Realworldtech}
}

@misc{kanter2,
  title  = {Silvermont, Intel's Low Power Architecture},
  url    = {https://www.realworldtech.com/silvermont/},
  author = {David Kanter},
  year   = {2013},
  editor = {Realworldtech}
}

@misc{shimpi,
  title  = {Intel's Pentium 4 E: Prescott Arrives with Luggage},
  url    = {https://www.anandtech.com/show/1230/3},
  author = {Anand Lal Shimpi and Derek Wilson},
  year   = {2004},
  editor = {AnandTech}
}
